<?xml version="1.0" encoding="UTF-8"?><collection xmlns="http://www.loc.gov/MARC21/slim"><record><leader>00587nam--2200193-i-4500</leader><controlfield tag="001">000018211</controlfield><controlfield tag="002">20161230</controlfield><controlfield tag="005">20161230201032</controlfield><controlfield tag="008">060222s1000------------r-----000-0-rus-d</controlfield><datafield ind1=" " ind2=" " tag="040"><subfield code="a">IFIN-HH</subfield></datafield><datafield ind1=" " ind2=" " tag="041"><subfield code="a">rus</subfield></datafield><datafield ind1=" " ind2=" " tag="080"><subfield code="a">537.311.33:537.312.62</subfield></datafield><datafield ind1="1" ind2=" " tag="100"><subfield code="a">Trohacev, G.V</subfield></datafield><datafield ind1="1" ind2="0" tag="245"><subfield code="a">Kriterii stabilnosti toka v kombinirovannih provodnikih pri ucete zavisimosti kozffitienta teplootdaci ot temperaturi</subfield><subfield code="c">G.v. trohacev; a.i. kostenko</subfield></datafield><datafield ind1=" " ind2=" " tag="260"><subfield code="a">Leningrad</subfield><subfield code="b">Niizfa</subfield><subfield code="c">1969</subfield></datafield><datafield ind1=" " ind2=" " tag="300"><subfield code="a">10P</subfield></datafield><datafield ind1="1" ind2=" " tag="700"><subfield code="a">Kostenko, A.I</subfield></datafield><datafield ind1=" " ind2=" " tag="852"><subfield code="a">31162</subfield><subfield code="c">537.311.33</subfield></datafield><datafield ind1=" " ind2=" " tag="CAT"><subfield code="a">Sys</subfield><subfield code="c">20110721</subfield><subfield code="h">093425</subfield></datafield></record></collection>